<record><leader>00000cas a2200000 a 4500</leader><controlfield tag="001">12758846</controlfield><controlfield tag="008">851105c19749999laudn ne      0   a0eng d</controlfield><datafield ind1=" " ind2=" " tag="010"><subfield code="a">sn 88064338 </subfield></datafield><datafield ind1=" " ind2=" " tag="040"><subfield code="a">LUU</subfield><subfield code="b">eng</subfield><subfield code="c">LUU</subfield><subfield code="d">LNP</subfield><subfield code="d">OCL</subfield><subfield code="d">OCLCQ</subfield><subfield code="d">OCLCF</subfield><subfield code="d">OCLCO</subfield></datafield><datafield ind1="1" ind2=" " tag="029"><subfield code="a">AU@</subfield><subfield code="b">000020502746</subfield></datafield><datafield ind1=" " ind2=" " tag="042"><subfield code="a">msc</subfield></datafield><datafield ind1=" " ind2=" " tag="043"><subfield code="a">n-us-la</subfield></datafield><datafield ind1="0" ind2="4" tag="245"><subfield code="a">The Crowley post-signal.</subfield></datafield><datafield ind1=" " ind2=" " tag="260"><subfield code="a">Crowley, La. :</subfield><subfield code="b">Crowley Post-Signal</subfield></datafield><datafield ind1=" " ind2=" " tag="300"><subfield code="a">v. :</subfield><subfield code="b">ill. ;</subfield><subfield code="c">57 cm.</subfield></datafield><datafield ind1=" " ind2=" " tag="310"><subfield code="a">Daily (except Sat. and Mon.)</subfield></datafield><datafield ind1="0" ind2=" " tag="362"><subfield code="a">Vol. 1, no. 1 (Mar. 1, 1974)-</subfield></datafield><datafield ind1=" " ind2="0" tag="651"><subfield code="a">Crowley (La.)</subfield><subfield code="v">Newspapers.</subfield></datafield><datafield ind1=" " ind2="7" tag="655"><subfield code="a">Newspapers.</subfield><subfield code="2">fast</subfield><subfield code="0">(OCoLC)fst01423814</subfield></datafield><datafield ind1=" " ind2="7" tag="651"><subfield code="a">Louisiana</subfield><subfield code="z">Crowley.</subfield><subfield code="2">fast</subfield><subfield code="0">(OCoLC)fst01217932</subfield></datafield><datafield ind1=" " ind2=" " tag="752"><subfield code="a">United States</subfield><subfield code="b">Louisiana</subfield><subfield code="c">Acadia</subfield><subfield code="d">Crowley.</subfield></datafield><datafield ind1="0" ind2="4" tag="780"><subfield code="t">Crowley daily signal</subfield><subfield code="w">(DLC)sn 88064337</subfield></datafield><datafield ind1="0" ind2="4" tag="780"><subfield code="t">Crowley post herald</subfield><subfield code="w">(DLC)sn 87091086</subfield></datafield></record>